%YAML 1.1
%TAG !u! tag:unity3d.com,2011:
--- !u!1001 &100100000
Prefab:
  m_ObjectHideFlags: 1
  serializedVersion: 2
  m_Modification:
    m_TransformParent: {fileID: 0}
    m_Modifications: []
    m_RemovedComponents: []
  m_ParentPrefab: {fileID: 0}
  m_RootGameObject: {fileID: 1110730013212872}
  m_IsPrefabParent: 1
--- !u!1 &1110730013212872
GameObject:
  m_ObjectHideFlags: 0
  m_PrefabParentObject: {fileID: 0}
  m_PrefabInternal: {fileID: 100100000}
  serializedVersion: 5
  m_Component:
  - component: {fileID: 4284769668931798}
  - component: {fileID: 114140284203896534}
  - component: {fileID: 114297594402652474}
  - component: {fileID: 65698029201917350}
  m_Layer: 0
  m_Name: GameStateObject
  m_TagString: Untagged
  m_Icon: {fileID: 0}
  m_NavMeshLayer: 0
  m_StaticEditorFlags: 0
  m_IsActive: 1
--- !u!4 &4284769668931798
Transform:
  m_ObjectHideFlags: 1
  m_PrefabParentObject: {fileID: 0}
  m_PrefabInternal: {fileID: 100100000}
  m_GameObject: {fileID: 1110730013212872}
  m_LocalRotation: {x: -0, y: -0, z: -0, w: 1}
  m_LocalPosition: {x: 0.438, y: -2.84, z: -1.473}
  m_LocalScale: {x: 5, y: 5, z: 2}
  m_Children: []
  m_Father: {fileID: 0}
  m_RootOrder: 0
  m_LocalEulerAnglesHint: {x: 0, y: 0, z: 0}
--- !u!65 &65698029201917350
BoxCollider:
  m_ObjectHideFlags: 1
  m_PrefabParentObject: {fileID: 0}
  m_PrefabInternal: {fileID: 100100000}
  m_GameObject: {fileID: 1110730013212872}
  m_Material: {fileID: 0}
  m_IsTrigger: 1
  m_Enabled: 1
  serializedVersion: 2
  m_Size: {x: 1, y: 1, z: 1}
  m_Center: {x: 0, y: 0, z: 0}
--- !u!114 &114140284203896534
MonoBehaviour:
  m_ObjectHideFlags: 1
  m_PrefabParentObject: {fileID: 0}
  m_PrefabInternal: {fileID: 100100000}
  m_GameObject: {fileID: 1110730013212872}
  m_Enabled: 1
  m_EditorHideFlags: 0
  m_Script: {fileID: 11500000, guid: 28365507c3182644a93b8796621a2722, type: 3}
  m_Name: 
  m_EditorClassIdentifier: 
  houseSpawnScript: {fileID: 0}
  currentStateName: none
  agent: {fileID: 0}
  stateManangerObject: {fileID: 0}
--- !u!114 &114297594402652474
MonoBehaviour:
  m_ObjectHideFlags: 1
  m_PrefabParentObject: {fileID: 0}
  m_PrefabInternal: {fileID: 100100000}
  m_GameObject: {fileID: 1110730013212872}
  m_Enabled: 1
  m_EditorHideFlags: 0
  m_Script: {fileID: 11500000, guid: 9fffd91975c1904408b616198bed5e8a, type: 3}
  m_Name: 
  m_EditorClassIdentifier: 
  newHouse: {fileID: 1803363382811060, guid: ec2dd39ed6238b04180b82e5db934185, type: 2}
  instantiatePosition: {x: -16.32, y: 0, z: -19.76}
  instantiateRotation: {x: 0, y: 90, z: 0}
  currentHouse: {fileID: 0}
  prevHouse: {fileID: 0}
